@book{spice,
author = {Steven M. Sandler and Charls Hymowitz},
title = {SPICE Circuit Handbook},
publisher = {McGraw-Hill Professional},
address = {New York},
institution = {NYU},
year = {2006}}

@INPROCEEDINGS{yogesh-paper,
title = {Open Source CAD (OSCAD) tool for Electronic and Electrical
                  Engineers},
author = {Yogesh Dilip Save and Saket Chaudhury and Kannan M Moudgalya},
}

@Electronic{kicad,
     author ={Jean-Pierre Charras and Fabrizio Tappero},
     url = {http://www.kicad-pcb.org/display/KICAD/KiCad+Documentation},
     month = {July},
     year = 2013
}

@Electronic{ngspice,
author = {Paolo Nenzi and Holger Vogt},
title = {Ngspice Users Manual version 25plus},
url = {http://ngspice.sourceforge.net/docs/ngspice-manual.pdf},
year = {2013}}

@Electronic{eeschema,
     url = {http://www.kicad-pcb.org/display/KICAD/KiCad+EDA+Software+Suite},
     month = {July},
     year = 2013
}

@Electronic{ngspice-web,
     url = {http://ngspice.sourceforge.net/},
     month = {July},
     year = 2013
}

@Electronic{scilab,
     url = {http://www.scilab.org/},
     month = {July},
     year = 2013
} 

@Electronic{scilab-in,
     url = {http://scilab.in/},
     month = {July},
     year = 2013
} 

@Electronic{oscad,
     url = {http://oscad.in/},
     month = {July},
     year = 2013
} 

@Electronic{st,
     url = {http://www.spoken-tutorial.org/},
     month = {July},
     year = 2013
} 

@Electronic{aakash,
     url = {http://www.aakashlabs.org/},
     month = {July},
     year = 2013
} 

@Electronic{eda,
     url = {http://en.wikipedia.org/wiki/Electronic_design_automation},
     month = {July},
     year = 2013
} 

@Electronic{synaptic,
title = {{Synaptic Package Manager Spoken Tutorial}},
     url = {http://www.spoken-tutorial.org/list_videos?view=1&foss=Linux&language=English},
     month = {July},
     year = 2013
} 

@book{sedra,
author = {A. S. Sedra and K. C. Smith and A. N. Chandorkar},
title = {Microelectronic Circuits - Theory and Applications},
publisher = {Oxford University Press},
place = {Oxford},
year = 2009}

@Article{kmm11-TUGboat,
  author = 	 {Moudgalya, K. M.},
  title = 	 {{\LaTeX\ Training through Spoken Tutorials}},
  journal = 	 {TUGboat},
  year = 	 2011,
  volume = 	 32,
  number = 	 3,
  pages = 	 {251-257}
}

@Article{kmm11-csi,
  author = 	 {Moudgalya, K. M.},
  title = 	 {{Spoken Tutorial: A Collaborative and Scalable
                  Education Technology}},
  journal = 	 {CSI Communications},
  year = 	 2011,
  volume = 	 35,
  number = 	 6,
  pages = 	 {10-12},
  month = 	 {September},
  note =         {Available at \url{http://spoken-tutorial.org/CSI.pdf}}
}

@Electronic{T10KT-kgp,
title = {Teach 10,000 Teacher Programme on Analog Electronics},
     url = {http://www.nmeict.iitkgp.ernet.in/Analogmain.htm},
     month = {July},
     year = 2013
} 

@Electronic{T10KT,
title = {Teach 10,000 Teacher Programme},
     url = {http://www.it.iitb.ac.in/nmeict/MegaWorkshop.do},
author = {D. B. Phatak},
     month = {July},
     year = 2013
} 

@Electronic{GARUDA,
     url = {http://scilab-test.garudaindia.in/scilab_in/, http://scilab-test.garudaindia.in/cloud},
     month = {July},
     year = 2013
} 

@Electronic{kicad2,
author = {David Jahshan and Phil Hutchinson},
url = {http://bazaar.launchpad.net/~kicad-developers/kicad/doc/files/head:/doc/tutorials/},
 month = {July},
 year = 2013
}


@InCollection{T10KT-kal,
  author = 	 {Kalpana Kannan and K. Narayanan},
  title = 	 {ICT-Enabled Scalable Workshops for Engineering
                  College Teachers in India},
  booktitle = 	 {Post-Secondary Education and Technology: A Global
                  Perspective on Opportunities and Obstacles to
                  Development (International and Development
                  Education)},
  publisher = {Palgrave Macmillan},
  year = 	 2012,
  editor = 	 {R. Clohey and S. Austin-Li and J. C. Weldman}}

@Book{RLB2011,
  author = 	 {Boylestad, R. L.},
  title = 	 {Introductory Circuit Analysis},
  publisher = 	 {Pearson},
  year = 	 2011,
  address = 	 {New Delhi}}

@Book{save2013,
  author = 	 {Y. Save and R Rakhi and N. D. Shambulingayya and
                  R. M. Rokade and A. Srivastava and M. R. Das and
                  L. Pereira and S. Patil and S. Patnaik and
                  K. M. Moudgalya},
  title = 	 {{Oscad: An open source EDA tool for circuit design,
                  simulation, analysis and PCB design}},
  publisher = 	 {Shroff Publishers},
  year = 	 2013}

@Electronic{sakshat,
     url = {http://www.sakshat.ac.in},
     month = {July},
     year = 2013
} 
